@inproceedings{he2022application,
  title={Application of Dijkstra algorithm in finding the shortest path},
  author={He, Baoyi},
  booktitle={Journal of Physics: Conference Series},
  volume={2181},
  number={1},
  pages={012005},
  year={2022},
  organization={IOP Publishing}
}

@misc{Arduino,
author = {Arduino},
title = {{ARDUINO UNO WiFi REV2}},
url = {https://store-usa.arduino.cc/collections/boards/products/arduino-uno-wifi-rev2}
}

@article{yusuf2017implementasi,
  title={Implementasi Algoritma Dijkstra Dalam Menemukan Jarak Terdekat Dari Lokasi Pengguna Ke Tanaman Yang Di Tuju Berbasis Android (Studi Kasus di Kebun Raya Purwodadi)},
  author={Yusuf, Muhammad Syamsuddin and Az-Zahra, Hanifah Muslimah and Apriyanti, Diah Harnoni},
  journal={Jurnal Pengembangan Teknologi Informasi dan Ilmu Komputer e-ISSN},
  volume={2548},
  pages={964X},
  year={2017}
}
